<record xmlns="http://www.loc.gov/MARC21/slim" xmlns:xsi="http://www.w3.org/2001/XMLSchema-instance" xsi:schemaLocation="http://www.loc.gov/MARC21/slim http://www.loc.gov/standards/marcxml/schema/MARC21slim.xsd"><leader>03721nam a2200529   4500</leader><controlfield tag="001">3068009</controlfield><controlfield tag="003">NNC</controlfield><controlfield tag="006">m        d        </controlfield><controlfield tag="007">cr cn |||m|||a</controlfield><controlfield tag="008">150110s1951    ir c    o     000 0 arar </controlfield><datafield ind1=" " ind2=" " tag="040"><subfield code="a">NNU</subfield><subfield code="b">eng</subfield><subfield code="e">rda</subfield><subfield code="c">NNU</subfield></datafield><datafield ind1=" " ind2="4" tag="050"><subfield code="a">BP88.M78</subfield><subfield code="b">A78</subfield></datafield><datafield ind1="1" ind2=" " tag="100"><subfield code="6">880-01</subfield><subfield code="a">Mufi&#772;d, Muh&#803;ammad ibn Muh&#803;ammad,</subfield><subfield code="d">-1022.</subfield></datafield><datafield ind1="1" ind2="0" tag="245"><subfield code="6">880-02</subfield><subfield code="a">Awa&#772;'il al-maqa&#772;la&#772;t fi&#772; al-madha&#772;hib wa-al-mukhta&#772;ra&#772;t /</subfield><subfield code="c">ta'li&#772;f al-Mufi&#772;d Muh&#803;ammad ibn al-Nu&#699;ma&#772;n ; laha&#772; muqaddimah wa-&#699;alayha&#772; ta&#699;li&#772;qa&#772;t bi-qalam Fad&#803;l Alla&#772;h al-Zanja&#772;ni&#772;. Wa-yali&#772;ha&#772; Risa&#772;lat Sharh&#803; &#699;Aqa&#772;'id al-S&#803;adu&#772;q, aw, Tas&#803;h&#803;i&#772;h&#803; al-I&#699;tiqa&#772;d / &#699;allaqa &#699;alayha&#772; wa-wad&#803;a&#699;a muqaddimah laha&#772; Hibat al-Di&#772;n al-Shahrasta&#772;ni&#772;.</subfield></datafield><datafield ind1=" " ind2=" " tag="250"><subfield code="6">880-03</subfield><subfield code="a">al-T&#803;ab&#699;ah 2.</subfield></datafield><datafield ind1=" " ind2=" " tag="260"><subfield code="6">880-04</subfield><subfield code="a">Tabri&#772;z :</subfield><subfield code="b">Maktabat H&#803;aqi&#772;qat,</subfield><subfield code="c">1330 [1951 or 1952]</subfield></datafield><datafield ind1=" " ind2=" " tag="300"><subfield code="a">online resource (1 volume (various pagings)) :</subfield><subfield code="b">portraits</subfield></datafield><datafield ind1=" " ind2=" " tag="336"><subfield code="a">text</subfield><subfield code="2">rdacontent</subfield></datafield><datafield ind1=" " ind2=" " tag="337"><subfield code="a">computer</subfield><subfield code="2">rdamedia</subfield></datafield><datafield ind1=" " ind2=" " tag="338"><subfield code="a">online resource</subfield><subfield code="2">rdacarrier</subfield></datafield><datafield ind1=" " ind2=" " tag="500"><subfield code="a">Part of the Arabic Collections Online (ACO) project, contributed by Columbia University Libraries.</subfield></datafield><datafield ind1=" " ind2=" " tag="533"><subfield code="a">Electronic reproduction.</subfield><subfield code="b">New York, N.Y. :</subfield><subfield code="c">New York University,</subfield><subfield code="d">2015.</subfield><subfield code="5">NNU</subfield></datafield><datafield ind1=" " ind2="0" tag="650"><subfield code="a">Islam</subfield><subfield code="x">Doctrines</subfield><subfield code="v">Early works to 1800.</subfield></datafield><datafield ind1="0" ind2="0" tag="630"><subfield code="a">Qur&#700;an</subfield><subfield code="x">Criticism, interpretation, etc.</subfield></datafield><datafield ind1="1" ind2="0" tag="600"><subfield code="a">Ibn Babawayh, Muh&#803;ammad ibn &#699;Ali&#772;,</subfield><subfield code="d">-991 or 992.</subfield><subfield code="t">I&#699;tiqa&#772;da&#772;t al-Ima&#772;mi&#772;yah.</subfield></datafield><datafield ind1=" " ind2="0" tag="650"><subfield code="a">Shiites.</subfield></datafield><datafield ind1=" " ind2="0" tag="650"><subfield code="a">Motazilites.</subfield></datafield><datafield ind1="1" ind2="4" tag="600"><subfield code="a">Ibn Babawayh al-Qummi, Muhammad ibn A&#768;li,</subfield><subfield code="d">918 or 919-991 or 992.</subfield><subfield code="t">It&#768;iqadat al-Imamiyah.</subfield></datafield><datafield ind1="1" ind2=" " tag="700"><subfield code="6">880-05</subfield><subfield code="a">Zanja&#772;ni&#772;, Fad&#803;l Alla&#772;h,</subfield><subfield code="d">1886-1954.</subfield></datafield><datafield ind1="1" ind2=" " tag="700"><subfield code="6">880-06</subfield><subfield code="a">Shahrasta&#772;ni&#772;, Hibat al-Di&#772;n Muh&#803;ammad.</subfield></datafield><datafield ind1="1" ind2=" " tag="700"><subfield code="6">880-07</subfield><subfield code="a">Mufi&#772;d, Muh&#803;ammad ibn Muh&#803;ammad,</subfield><subfield code="d">-1022.</subfield><subfield code="t">Sharh&#803; &#699;Aqa&#772;'id al-S&#803;adu&#772;q.</subfield></datafield><datafield ind1="1" ind2=" " tag="700"><subfield code="6">880-08</subfield><subfield code="a">Mufi&#772;d, Muh&#803;ammad ibn Muh&#803;ammad,</subfield><subfield code="d">-1022.</subfield><subfield code="t">Tas&#803;h&#803;i&#772;h al-I&#699;tiqa&#772;d al-Ima&#772;mi&#772;yah.</subfield></datafield><datafield ind1="2" ind2=" " tag="710"><subfield code="a">Columbia University.</subfield><subfield code="b">Libraries.</subfield></datafield><datafield ind1="0" ind2=" " tag="730"><subfield code="a">Arabic Collections Online.</subfield></datafield><datafield ind1="0" ind2="8" tag="776"><subfield code="i">Online version:</subfield><subfield code="a">Mufi&#772;d, Muh&#803;ammad ibn Muh&#803;ammad, -1022.</subfield><subfield code="t">Awa&#772;'il al-maqa&#772;la&#772;t fi&#772; al-madha&#772;hib wa-al-mukhta&#772;ra&#772;t.</subfield><subfield code="b">al-T&#803;ab&#699;ah 2.</subfield><subfield code="d">Tabri&#772;z : Maktabat H&#803;aqi&#772;qat, 1330 [1951 or 1952]</subfield><subfield code="w">(OCoLC)639385074</subfield></datafield><datafield ind1="0" ind2="8" tag="776"><subfield code="i">Print version:</subfield><subfield code="a">Mufi&#772;d, Muh&#803;ammad ibn Muh&#803;ammad, -1022.</subfield><subfield code="t">Awa&#772;'il al-maqa&#772;la&#772;t fi&#772; al-madha&#772;hib wa-al-mukhta&#772;ra&#772;t</subfield><subfield code="w">(NNC)3068009</subfield><subfield code="w">(DLC)   67001835 </subfield><subfield code="w">(OCoLC)10614171</subfield></datafield><datafield ind1="4" ind2="0" tag="856"><subfield code="u">http://hdl.handle.net/2333.1/8pk0p4ft</subfield></datafield><datafield ind1="1" ind2=" " tag="880"><subfield code="6">100-01/r</subfield><subfield code="a">&#1605;&#1601;&#1610;&#1583;&#1548; &#1605;&#1581;&#1605;&#1583; &#1576;&#1606; &#1605;&#1581;&#1605;&#1583;&#1548;</subfield><subfield code="d">-1022.</subfield></datafield><datafield ind1="1" ind2="0" tag="880"><subfield code="6">245-02/r</subfield><subfield code="a">&#1575;&#1608;&#1575;&#1574;&#1604; &#1575;&#1604;&#1605;&#1602;&#1575;&#1604;&#1575;&#1578; &#1601;&#1610; &#1575;&#1604;&#1605;&#1584;&#1575;&#1607;&#1576; &#1608;&#1575;&#1604;&#1605;&#1582;&#1578;&#1575;&#1585;&#1575;&#1578; /</subfield><subfield code="c">&#1578;&#1571;&#1604;&#1610;&#1601; &#1575;&#1604;&#1588;&#1610;&#1582; &#1575;&#1604;&#1605;&#1601;&#1610;&#1583; &#1605;&#1581;&#1605;&#1583; &#1576;&#1606; &#1575;&#1604;&#1606;&#1593;&#1605;&#1575;&#1606; &#1563; &#1604;&#1607;&#1575; &#1605;&#1602;&#1583;&#1605;&#1577; &#1608;&#1593;&#1604;&#1610;&#1607;&#1575; &#1578;&#1593;&#1604;&#1610;&#1602;&#1575;&#1578; &#1576;&#1602;&#1604;&#1605; &#1601;&#1590;&#1604; &#1575;&#1604;&#1604;&#1607; &#1575;&#1604;&#1586;&#1606;&#1580;&#1575;&#1606;&#1610;. &#1608;&#1610;&#1604;&#1610;&#1607;&#1575; &#1585;&#1587;&#1575;&#1604;&#1577; &#1588;&#1585;&#1581; &#1593;&#1602;&#1575;&#1574;&#1583; &#1575;&#1604;&#1589;&#1583;&#1608;&#1602;&#1548; &#1575;&#1608;&#1548; &#1578;&#1589;&#1581;&#1610;&#1581; &#1575;&#1604;&#1575;&#1593;&#1578;&#1602;&#1575;&#1583; &#1563; &#1593;&#1604;&#1602; &#1593;&#1604;&#1610;&#1607;&#1575; &#1608;&#1608;&#1590;&#1593; &#1605;&#1602;&#1583;&#1605;&#1577; &#1604;&#1607;&#1575; &#1607;&#1576;&#1577; &#1575;&#1604;&#1583;&#1610;&#1606; &#1575;&#1604;&#1588;&#1607;&#1585;&#1587;&#1578;&#1575;&#1606;&#1610; &#1563; &#1589;&#1581;&#1581;&#1607;&#1605;&#1575; &#1608;&#1575;&#1607;&#1578;&#1605; &#1576;&#1606;&#1588;&#1585;&#1607;&#1605;&#1575; &#1608;&#1593;&#1604;&#1602; &#1593;&#1604;&#1610;&#1607;&#1605;&#1575; &#1576;&#1593;&#1590; &#1575;&#1604;&#1578;&#1593;&#1575;&#1604;&#1610;&#1602; &#1593;&#1576;&#1575;&#1587;&#1602;&#1604;&#1610; &#1608;&#1575;&#1593;&#1592; &#1670;&#1585;&#1606;&#1583;&#1575;&#1576;&#1610;.</subfield></datafield><datafield ind1=" " ind2=" " tag="880"><subfield code="6">250-03/r</subfield><subfield code="a">&#1575;&#1604;&#1591;&#1576;&#1593;&#1577; &#1634;.</subfield></datafield><datafield ind1=" " ind2=" " tag="880"><subfield code="6">260-04/r</subfield><subfield code="a">&#1578;&#1576;&#1585;&#1610;&#1586; :</subfield><subfield code="b">&#1605;&#1603;&#1578;&#1576;&#1577; &#1581;&#1602;&#1610;&#1602;&#1578;&#1548;</subfield><subfield code="c">1330 [1951 or 1952]</subfield></datafield><datafield ind1="1" ind2=" " tag="880"><subfield code="6">700-05/r</subfield><subfield code="a">&#1586;&#1606;&#1580;&#1575;&#1606;&#1610;&#1548; &#1601;&#1590;&#1604; &#1575;&#1604;&#1604;&#1607;&#1548;</subfield><subfield code="d">1886-1954.</subfield></datafield><datafield ind1="1" ind2=" " tag="880"><subfield code="6">700-06/r</subfield><subfield code="a">&#1588;&#1607;&#1585;&#1587;&#1578;&#1575;&#1606;&#1610;&#1548; &#1607;&#1576;&#1577; &#1575;&#1604;&#1583;&#1610;&#1606; &#1605;&#1581;&#1605;&#1583;.</subfield></datafield><datafield ind1="1" ind2="2" tag="880"><subfield code="6">700-07/r</subfield><subfield code="a">&#1605;&#1601;&#1610;&#1583;&#1548; &#1605;&#1581;&#1605;&#1583; &#1576;&#1606; &#1605;&#1581;&#1605;&#1583;.</subfield><subfield code="t">&#1593;&#1602;&#1575;&#1574;&#1583; &#1575;&#1604;&#1589;&#1583;&#1608;&#1602;.</subfield></datafield><datafield ind1="1" ind2=" " tag="880"><subfield code="6">700-08/r</subfield><subfield code="a">&#1605;&#1601;&#1610;&#1583;&#1548; &#1605;&#1581;&#1605;&#1583; &#1576;&#1606; &#1605;&#1581;&#1605;&#1583;&#1548;</subfield><subfield code="d">-1022.</subfield><subfield code="t">&#1578;&#1589;&#1581;&#1610;&#1607; &#1575;&#1604;&#1575;&#1593;&#1578;&#1602;&#1575;&#1583; &#1575;&#1604;&#1575;&#1605;&#1575;&#1605;&#1610;&#1577;.</subfield></datafield><datafield ind1=" " ind2=" " tag="959"><subfield code="a">NNU</subfield><subfield code="b">WEB</subfield><subfield code="c">GENI</subfield><subfield code="t">0</subfield><subfield code="m">Electronic access</subfield><subfield code="s">01</subfield></datafield><datafield ind1=" " ind2=" " tag="999"><subfield code="i">NNC_3068009</subfield><subfield code="o">(OCoLC)10614171</subfield></datafield></record>